<?xml version="1.0" encoding="utf-8"?>
<record xmlns="http://www.loc.gov/MARC21/slim" xmlns:xsi="http://www.w3.org/2001/XMLSchema-instance" xsi:schemaLocation="http://www.loc.gov/MARC21/slim http://www.loc.gov/standards/marcxml/schema/MARC21slim.xsd">
	<leader>     nam a22     Mi 4500</leader>
	<controlfield tag="001">2750566</controlfield>
	<controlfield tag="003">NjP</controlfield>
	<controlfield tag="006">m        d        </controlfield>
	<controlfield tag="007">cr cn |||m|||a</controlfield>
	<controlfield tag="008">190815m19559999ua bh   ob    000 0 ara  </controlfield>
	<datafield ind1=" " ind2=" " tag="040">
		<subfield code="a">ZYU</subfield>
		<subfield code="b">ara</subfield>
		<subfield code="e">rda</subfield>
		<subfield code="c">ZYU</subfield>
	</datafield>
	<datafield ind1=" " ind2=" " tag="043">
		<subfield code="a">a-su---</subfield>
		<subfield code="a">a-mk---</subfield>
		<subfield code="a">a-ts---</subfield>
	</datafield>
	<datafield ind1=" " ind2="4" tag="050">
		<subfield code="a">DS247.M88</subfield>
		<subfield code="b">S3 1955</subfield>
	</datafield>
	<datafield ind1="1" ind2=" " tag="110">
		<subfield code="a">Saudi Arabia.</subfield>
	</datafield>
	<datafield ind1="1" ind2="3" tag="245">
		<subfield code="6">880-01</subfield>
		<subfield code="a">al-Taḥkīm li-taswiyat al-nizāʻ al-iqlīmī bayna Masqaṭ wa-Abū Ẓabī wa-bayna al-Mamlakah al-ʻArabīyah al-Saʻūdīyah :</subfield>
		<subfield code="b">ʻarḍ Ḥukūmat al-Mamlakah al-ʻArabīyah al-Saʻūdīyah.</subfield>
	</datafield>
	<datafield ind1="3" ind2="0" tag="246">
		<subfield code="6">880-02</subfield>
		<subfield code="a">ʻArḍ Ḥukūmat al-Mamlakah al-ʻArabīyah al-Saʻūdīyah</subfield>
	</datafield>
	<datafield ind1=" " ind2=" " tag="260">
		<subfield code="6">880-03</subfield>
		<subfield code="a">[al-Qāhirah] :</subfield>
		<subfield code="b">[Dār al-Maʻārif],</subfield>
		<subfield code="c">1955.</subfield>
	</datafield>
	<datafield ind1=" " ind2=" " tag="300">
		<subfield code="a">online resource (3 volumes) :</subfield>
		<subfield code="b">facsimiles, maps</subfield>
	</datafield>
	<datafield ind1=" " ind2=" " tag="336">
		<subfield code="a">text</subfield>
		<subfield code="2">rdacontent</subfield>
	</datafield>
	<datafield ind1=" " ind2=" " tag="337">
		<subfield code="a">computer</subfield>
		<subfield code="2">rdamedia</subfield>
	</datafield>
	<datafield ind1=" " ind2=" " tag="338">
		<subfield code="a">online resource</subfield>
		<subfield code="2">rdacarrier</subfield>
	</datafield>
	<datafield ind1=" " ind2=" " tag="500">
		<subfield code="a">Vol. 2 includes 3 maps in pocket.</subfield>
	</datafield>
	<datafield ind1=" " ind2=" " tag="500">
		<subfield code="a">Part of the Arabic Collections Online (ACO) project, contributed by Princeton University Libraries.</subfield>
	</datafield>
	<datafield ind1=" " ind2=" " tag="504">
		<subfield code="a">Includes bibliographical references.</subfield>
	</datafield>
	<datafield ind1="0" ind2=" " tag="505">
		<subfield code="a">1. al-Asās -- 2: al-Malāḥaq; al--Tadhayyalāt; al-Kharāliṭ -- 3: Daftar al-Zakāt.</subfield>
	</datafield>
	<datafield ind1=" " ind2=" " tag="533">
		<subfield code="a">Electronic reproduction.</subfield>
		<subfield code="b">New York, N.Y. :</subfield>
		<subfield code="c">New York University,</subfield>
		<subfield code="d">2019.</subfield>
		<subfield code="5">NNU</subfield>
	</datafield>
	<datafield ind1=" " ind2="0" tag="651">
		<subfield code="a">Saudi Arabia</subfield>
		<subfield code="x">Boundaries</subfield>
		<subfield code="z">Oman.</subfield>
	</datafield>
	<datafield ind1=" " ind2="0" tag="651">
		<subfield code="a">Oman</subfield>
		<subfield code="x">Boundaries</subfield>
		<subfield code="z">Saudi Arabia.</subfield>
	</datafield>
	<datafield ind1=" " ind2="0" tag="651">
		<subfield code="a">Abū Ẓaby (United Arab Emirates : Emirate)</subfield>
		<subfield code="x">Boundaries</subfield>
		<subfield code="z">Saudi Arabia.</subfield>
	</datafield>
	<datafield ind1=" " ind2="0" tag="651">
		<subfield code="a">Saudi Arabia</subfield>
		<subfield code="x">Boundaries</subfield>
		<subfield code="z">United Arab Emirates</subfield>
		<subfield code="z">Abū Ẓaby (Emirate)</subfield>
	</datafield>
	<datafield ind1=" " ind2="7" tag="650">
		<subfield code="a">Boundaries.</subfield>
		<subfield code="2">fast</subfield>
		<subfield code="0">(OCoLC)fst00837076</subfield>
	</datafield>
	<datafield ind1=" " ind2="7" tag="651">
		<subfield code="a">Oman.</subfield>
		<subfield code="2">fast</subfield>
		<subfield code="0">(OCoLC)fst01212768</subfield>
	</datafield>
	<datafield ind1=" " ind2="7" tag="651">
		<subfield code="a">Saudi Arabia.</subfield>
		<subfield code="2">fast</subfield>
		<subfield code="0">(OCoLC)fst01210372</subfield>
	</datafield>
	<datafield ind1=" " ind2="7" tag="651">
		<subfield code="a">United Arab Emirates</subfield>
		<subfield code="z">Abū Ẓaby (Emirate)</subfield>
		<subfield code="2">fast</subfield>
		<subfield code="0">(OCoLC)fst01331253</subfield>
	</datafield>
	<datafield ind1="2" ind2=" " tag="710">
		<subfield code="a">Princeton University.</subfield>
		<subfield code="b">Library.</subfield>
	</datafield>
	<datafield ind1="0" ind2=" " tag="730">
		<subfield code="a">Arabic Collections Online.</subfield>
	</datafield>
	<datafield ind1="0" ind2="8" tag="776">
		<subfield code="i">Print version:</subfield>
		<subfield code="a">Saudi Arabia.</subfield>
		<subfield code="t">al-Taḥkīm li-taswiyat al-nizāʻ al-iqlīmī bayna Masqaṭ wa-Abū Ẓabī wa-bayna al-Mamlakah al-ʻArabīyah al-Saʻūdīyah</subfield>
		<subfield code="w">(NjP)2750566</subfield>
		<subfield code="w">(DLC)ne 65002045 </subfield>
		<subfield code="w">(OCoLC)15101288</subfield>
	</datafield>
	<datafield ind1="4" ind2="0" tag="856">
		<subfield code="u">http://hdl.handle.net/2333.1/15dv494k</subfield>
	</datafield>
	<datafield ind1="1" ind2="2" tag="880">
		<subfield code="6">245-01</subfield>
		<subfield code="a">التحكيم لتسوية النزاع الاقليمي بين مسقط وابو ظبي وبين المملكة العربية السعودية :</subfield>
		<subfield code="b">عرض حكومة المملكة العربية السعودية.</subfield>
	</datafield>
	<datafield ind1="3" ind2="0" tag="880">
		<subfield code="6">246-02</subfield>
		<subfield code="a">عرض حكومة المملكة العربية السعودية</subfield>
	</datafield>
	<datafield ind1=" " ind2=" " tag="880">
		<subfield code="6">260-03</subfield>
		<subfield code="a">[القاهرة] :</subfield>
		<subfield code="b">[دار المعارف]،</subfield>
		<subfield code="c">1955. </subfield>
	</datafield>
	<datafield ind1=" " ind2=" " tag="959">
		<subfield code="a">NNU</subfield>
		<subfield code="b">WEB</subfield>
		<subfield code="c">GENI</subfield>
		<subfield code="t">0</subfield>
		<subfield code="m">Electronic access</subfield>
		<subfield code="s">01</subfield>
	</datafield>
	<datafield ind1=" " ind2=" " tag="999">
		<subfield code="i">NjP_2750566</subfield>
		<subfield code="o">(OCoLC)ocm15101288</subfield>
		<subfield code="s">princeton_aco002330:vol.1</subfield>
		<subfield code="s">princeton_aco002326:vol.2</subfield>
		<subfield code="s">princeton_aco002321:vol.3</subfield>
		<subfield code="s">princeton_aco002330:vol.1</subfield>
		<subfield code="s">princeton_aco002326:vol.2</subfield>
		<subfield code="s">princeton_aco002321:vol.3</subfield>
	</datafield>
</record>
